<?xml version="1.0" encoding="UTF-8"?><record xmlns="http://www.loc.gov/MARC21/slim" xmlns:cinclude="http://apache.org/cocoon/include/1.0" xmlns:zs="http://www.loc.gov/zing/srw/">
  <leader>00670cz  a2200181n  4500</leader>
  <controlfield tag="001">n  87930563 </controlfield>
  <controlfield tag="003">DLC</controlfield>
  <controlfield tag="005">20081016080936.0</controlfield>
  <controlfield tag="008">880119n| acannaabn          |b ana      </controlfield>
  <datafield tag="010" ind1=" " ind2=" ">
    <subfield code="a">n  87930563 </subfield>
  </datafield>
  <datafield tag="035" ind1=" " ind2=" ">
    <subfield code="a">(OCoLC)oca02184183</subfield>
  </datafield>
  <datafield tag="040" ind1=" " ind2=" ">
    <subfield code="a">DLC</subfield>
    <subfield code="b">eng</subfield>
    <subfield code="c">DLC</subfield>
    <subfield code="d">DLC</subfield>
    <subfield code="d">OCoLC</subfield>
  </datafield>
  <datafield tag="110" ind1="2" ind2=" ">
    <subfield code="a">Daiyamondosha.</subfield>
    <subfield code="b">Shōwa Bijinesu Kenkyūkai</subfield>
  </datafield>
  <datafield tag="410" ind1="2" ind2=" ">
    <subfield code="a">Daiyamondosha Shōwa Bijinesu Kenkyūkai</subfield>
  </datafield>
  <datafield tag="410" ind1="2" ind2=" ">
    <subfield code="a">ダイヤモンド社.</subfield>
    <subfield code="b">昭和ビジネス研究会</subfield>
  </datafield>
  <datafield tag="667" ind1=" " ind2=" ">
    <subfield code="a">Machine-derived non-Latin script reference project.</subfield>
  </datafield>
  <datafield tag="667" ind1=" " ind2=" ">
    <subfield code="a">Non-Latin script reference not evaluated.</subfield>
  </datafield>
  <datafield tag="670" ind1=" " ind2=" ">
    <subfield code="a">Shōwa bijinesu 60-nenshi, 1987:</subfield>
    <subfield code="b">t.p. (Daiyamondosha Shōwa Bijinesu Kenkyūkai)</subfield>
  </datafield>
</record>